<?xml version="1.0" encoding="UTF-8"?><collection xmlns="http://www.loc.gov/MARC21/slim"><record><leader>00351nam--2200133-i-4500</leader><controlfield tag="001">000002618</controlfield><controlfield tag="002">20161230</controlfield><controlfield tag="005">20161230201025</controlfield><controlfield tag="008">060222s1000------------r-----000-0-eng-d</controlfield><datafield ind1=" " ind2=" " tag="080"><subfield code="a">621.385</subfield></datafield><datafield ind1=" " ind2=" " tag="100"><subfield code="a">Beck, A.H.W</subfield></datafield><datafield ind1=" " ind2=" " tag="245"><subfield code="a">Thermionic valves. their theory and design</subfield></datafield><datafield ind1=" " ind2=" " tag="260"><subfield code="a">Cambridge, At The University Press, 1953 Xvi + 570 P</subfield></datafield><datafield ind1=" " ind2=" " tag="852"><subfield code="a">10059</subfield></datafield></record></collection>